@misc{NinePointTheorem,
  author = {Feuerbach, K.~W. and Buzengeiger, C.~H.~I.},
  year = {1822},
  title = {Eigenschaften einiger merkwürdigen Punkte des geradlinigen Dreiecks und mehrerer durch sie bestimmten Linien und Figuren },
  howpublished = "\url{http://resolver.sub.uni-goettingen.de/purl?PPN512512426}"
}

@techreport{reber_1988,
  author        = "E. E. Reber and R. L. Michell and C. J. Carter",
  title         = "Oxygen absorption in the earth's atmosphere",
  institution   = "",
  address       = "Los Angeles, CA",
  number        = "TR-2000 (4230-46)-3",
  month         = nov,
  year          = "1988",
}

@misc{libigl,
  title = {{libigl}: A simple {C++} geometry processing library},
  author = {Alec Jacobson and Daniele Panozzo and others},
  note = {http://libigl.github.io/libigl/},
  year = {2018},
}
@phdthesis{davis_2013,
title={Modelled on Software Engineering: Flexible Parametric Models in the Practice of Architecture},
school={RMIT University},
author={Davis, Daniel},
year={2013}
}
@book{woodbury2010elements,
  title={Elements of Parametric Design},
  author={Woodbury, R.},
  isbn={9780415779876},
  lccn={2010002136},
  url={https://books.google.sk/books?id=Zho5QAAACAAJ},
  year={2010},
  publisher={Routledge}
}


@article{doi:10.1002/ad.2019,
author = {Frazer, John},
title = {Parametric Computation: History and Future},
journal = {Architectural Design},
volume = {86},
number = {2},
pages = {18-23},
keywords = {algorithm, Ada Lovelace, Charles Babbage, Ivan Sutherland, Sketchpad system, Mark Burry, Luigi Moretti, ‘Architettura Parametrica’, 610 IBM computer, Progetti di strutture per lo sport e lo spettacolo, XII Triennale di Milano, Antoni Gaudí, Mark Burry, Sagrada Familia Basilica, Barcelona, Wassim Jabi, Patrick Janssen, Zaha Hadid Architects, Architectural Association (AA), University of Cambridge, Patrik Schumacher, Parametricism, The Autopoiesis of Architecture, Hong Kong Polytechnic University, ‘Evolutionary Digital Design Method’, An Evolutionary Architecture, Peter Graham, Ulster University, Thomas Fischer and Christiane Herr},
doi = {10.1002/ad.2019},
url = {https://onlinelibrary.wiley.com/doi/abs/10.1002/ad.2019},
eprint = {https://onlinelibrary.wiley.com/doi/pdf/10.1002/ad.2019},
abstract = {John Frazer is a pioneer and leader in the field of generative design and evolutionary computation. In the 1970s he developed the world's first microcomputer-based design systems and invented tangible interfaces. Professor at the European Graduate School, he is the author of the seminal book An Evolutionary Architecture (1995). Here he traces the history of parametric architecture and discusses how, in its second state, redefined as Parametricism 2.0, Parametricism opens up the possibilities to become more than a matter of generational technique, scripting variational geometry, and a means to addressing wider social and environmental purpose.},,
year = {2016}
}


